@INPROCEEDINGS{6651222, 
author={G. Suciu and S. Halunga and A. Vulpe and V. Suciu}, 
booktitle={International Symposium on Signals, Circuits and Systems ISSCS2013}, 
title={Generic platform for IoT and cloud computing interoperability study}, 
year={2013}, 
volume={}, 
number={}, 
pages={1-4}, 
keywords={Internet of Things;Web services;cloud computing;computer centres;open systems;peer-to-peer computing;Internet of Things;Internet services;IoT;M2M technology;NFC technology;RFID technology;advanced cloud services;cloud computing interoperability study;context-aware services;customized services;data services;decentralized architecture;digital content;generic platform;heterogeneous architecture;information driven interactions;massive cloud datacenters;network evolution;nonintrusive behavior;open source cloud platform;peer to peer method;sensor technology;Cloud computing;Clouds;Google;Radiofrequency identification;Standards;Zigbee}, 
doi={10.1109/ISSCS.2013.6651222}, 
ISSN={}, 
month={July},}
